
@book{hugh_d_sears_2016,
	address = {Boston},
	edition = {14th edition},
	title = {Sears and {Zemansky}'s university physics: with modern physics},
	isbn = {978-0-321-97361-0 978-0-13-397798-1},
	shorttitle = {Sears and {Zemansky}'s university physics},
	publisher = {Pearson},
	author = {Hugh D., Young and Roger A., Freedman and A. Lewis, Ford and Francis W., Sears and Mark W., Zemansky},
	year = {2016},
	keywords = {Physics, Study and teaching (Higher), Textbooks},
}

@book{raymond_a_physics_2017,
	address = {Australia ; Mexico},
	edition = {10th edition},
	title = {Physics for scientists and engineers},
	isbn = {978-1-337-55357-5 978-1-337-55358-2},
	publisher = {Cengage},
	author = {Raymond A., Serway and John W., Jewett and Vah√©, Peroomian},
	year = {2017},
	note = {OCLC: on1027710550},
	keywords = {Physics},
}
