@book{walker2014halliday,
  title={Halliday and Resnick's Fundamentals of Physics},
  author={Walker, Jearl and Resnick, Robert and Halliday, David},
  year={2014},
  publisher={Wiley}
}